3050 5642
335 1317 525 1398 ANDRlA
563 1319 601 1398 P.
633 1319 846 1399 TERENT!
885 1320 1009 1400 AFRl.

563 1519 775 1590 -acoeoo-

535 1731 799 1798 PROLOGVS.

187 1896 288 1965 Poeta
300 1922 396 1982 quom
410 1836 699 1982 primum-‘inimum
714 1905 754 1965 ad
769 1904 969 1965 scribendum
983 1904 1117 1985 edpulit,

189 2008 230 2103 Id
244 2008 306 2101 ostri
318 2009 426 2086 negoti
439 2008 574 2070 credidit
588 2007 688 2069 schim
703 2010 782 2086 dari,

187 2113 311 2192 Populo
324 2112 361 2174 rit
373 2112 535 2193 placerent
547 2116 627 2192 ques
640 2115 770 2176 fecisset
784 2115 917 2176 febulas.

188 2220 306 2309 Verum
319 2219 415 2309 aliter.
425 2218 667 2309 euenirgmulto
680 2220 853 2298 intellegit:
893 2288 901 2301 ,

188 2312 273 2386 Nafn
286 2324 321 2384 in
334 2324 472 2403 prologis
487 2323 664 2386 scribimdis
678 2343 804 2404 operam
819 2324 969 2400 obnititur,
1013 2375 1030 2401 ⁷
1177 2343 1193 2386 e

186 2430 261 2490 Non
275 2429 329 2508 qui
343 2430 561 2505 ergnmentum
576 2431 692 2505 uerret,
707 2431 762 2492 scd
777 2431 832 2508 qui
847 2431 987 2492 meliuoli

186 2535 313 2596 Veteris
326 2541 436 2614 poetae
450 2534 626 2596 meledictis
641 2536 835 2614 respendeat

186 2640 290 2716 Nunc,
306 2642 400 2719 quem
414 2658 480 2701 rem
494 2640 576 2701 uitio
589 2641 674 2716 dent,
688 2660 806 2719 quaeso
819 2640 957 2707 ani-'mum
973 2636 1136 2703 aduertite.

186 2747 360 2807 Menender
374 2745 452 2806 iecit
465 2728 625 2806 Andriam
639 2754 672 2806 et
685 2744 890 2807 Perinthiam.
1035 2805 1038 2809 .

186 2851 249 2924 Qui
262 2851 415 2913 utrdmuis
429 2857 514 2912 recte
528 2851 621 2926 uerit,
636 2852 743 2912 ambas
757 2852 897 2912 uenerit:
1162 2866 1190 2911 ιο

187 2957 262 3018 Nou
276 2956 323 3017 ita
336 2955 484 3018 dissimili
499 2954 574 3017 simt
588 2963 779 3033 argumento,
794 2959 826 3017 et
840 2965 947 3016 tamen

185 3060 343 3123 Dissimili
357 3061 496 3122 oratione
510 3068 586 3122 sunt
599 3062 702 3122 factas
715 3062 751 3122 aio
766 3062 849 3122 stilo.

184 3167 273 3239 onae
284 3168 465 3243 manauere,
479 3167 514 3226 in
528 3149 687 3227 Andriam
702 3185 741 3227 ex
755 3167 920 3227 Perinthia

185 3273 316 3334 Fatetur
328 3271 529 3334 transtulisse
543 3278 638 3350 atque
651 3291 742 3333 usum
757 3274 814 3350 pre
828 3273 902 3333 suis.

184 3377 224 3438 Id
236 3376 294 3438 isti
307 3377 489 3456 uituperant
502 3377 622 3438 fectrnn
637 3383 732 3455 atque
746 3378 780 3436 in
794 3397 831 3437 eo
844 3377 1010 3455 disputant
1161 3393 1189 3437 15

184 3482 399 3545 Contdminari
412 3483 476 3543 nen
489 3483 599 3543 decere
613 3481 745 3543 febulas.

183 3587 358 3649 Facirintne
371 3586 593 3663 intellegendo,
606 3594 644 3648 ut
657 3587 738 3647 nihil
753 3587 966 3664 intellegant?

182 3692 244 3765 Qui
257 3711 352 3772 quom
365 3691 450 3752 himo
464 3700 621 3768 accusant,
635 3693 793 3753 Naeuium
808 3693 957 3753 Plautum
971 3676 1110 3754 Ennium

183 3797 352 3873 Accr‘rsant
366 3817 445 3877 quos
458 3798 511 3859 hic
524 3798 630 3859 nester
644 3800 786 3859 auctores
801 3798 905 3874 habet,

182 3903 319 3975 Quorum
333 3903 484 3964 aemulari
498 3903 628 3982 exoptat
641 3904 877 3981 neclegentiam,
1157 3918 1187 3961 no

174 4007 294 4070 ¹Potiris
307 4027 402 4087 quam
415 4008 547 4070 istorum
562 4007 723 4069 obscuram
739 4009 946 4085 diligentiam.

182 4114 305 4175 Dehinc
318 4111 355 4174 rit
367 4113 531 4192 quieseant
545 4115 637 4192 perro
651 4133 761 4174 moneo
776 4122 807 4174 et
822 4114 968 4175 desinant

183 4218 380 4294 Maledicere,
395 4218 563 4280 malefecta
576 4237 615 4279 ue
629 4221 761 4280 noscant
775 4238 839 4280 sua

181 4324 308 4401 Fauets,
322 4324 430 4386 adeste
443 4343 543 4403 aequo
557 4324 661 4385 enimc
675 4331 707 4385 et
721 4344 787 4384 rem
800 4325 986 4401 cognoscite,

181 4430 225 4491 Vt
237 4429 441 4510 pernoscatis,
456 4429 568 4507 ecquid
582 4430 650 4508 spei
664 4431 707 4490 sit
721 4430 878 4505 relicuom,
1156 4441 1185 4486 25

181 4535 317 4598 Posthec
330 4553 409 4613 quas
423 4534 520 4595 faciet
533 4534 572 4594 de
586 4533 709 4610 integro
722 4535 907 4609 comoedias,

181 4639 375 4721 Spectendae
389 4659 430 4700 an
443 4639 614 4715 exigendae
628 4640 694 4700 sint
706 4637 796 4700 uobis
809 4638 907 4718 prius.

650 4762 668 4817 8
