3050 5642
231 1201 281 1251 rv.
293 1202 317 1252 s.
330 1199 408 1267 1-1r]
683 1197 832 1249 uuonru

671 1460 793 1526 Scuun
816 1461 847 1525 3.

639 1636 738 1687 Mrsrs.
772 1636 877 1686 Duos.

284 1797 348 1872 My.
365 1794 428 1875 [To
456 1797 571 1872 herself
574 1796 588 1876 ]
617 1794 714 1854 Nilne
742 1793 809 1854 esse
838 1793 998 1871 proprium
1027 1793 1212 1871 quoiquam!
1253 1793 1286 1853 di

443 1900 583 1960 uostrem
604 1898 713 1959 fidem!

366 2003 528 2066 Summum
542 2005 656 2064 bonum
671 2021 739 2064 esse
753 2003 825 2063 erae
838 2003 948 2082 putavi
962 2004 1045 2063 huno
1059 2003 1271 2081 Pomphilum,

364 2109 520 2185 Amicum,
535 2110 714 2183 amatorem,
729 2108 833 2167 uirum
848 2109 882 2168 in
896 2108 1008 2186 quouis
1023 2108 1091 2168 loco

365 2216 529 2291 Paretum3
551 2233 659 2274 uerum
674 2233 713 2274 ex
728 2215 765 2273 eo
780 2231 862 2272 nunc
877 2213 991 2274 misere
1005 2214 1097 2290 quem
1111 2214 1196 2291 oepit

365 2320 534 2380 Laborem!
573 2318 678 2380 Facile
689 2318 741 2377 hic
752 2317 824 2396 plus
836 2317 943 2378 maliet
957 2337 1051 2396 quarn
1066 2317 1133 2377 illic
1146 2319 1227 2377 boni.
1245 2331 1288 2375 too

368 2424 483 2505 [Emer
501 2427 610 2485 Dacos
630 2427 716 2501 from
740 2424 937 2500 Glycerium's
957 2425 1055 2497 leotz-se,
1078 2427 1218 2501 carryiup
1242 2426 1288 2482 tte

447 2531 538 2612 cocy]
569 2529 631 2590 Sed
659 2530 765 2590 Deuos
793 2528 867 2589 exit.
910 2527 958 2588 Mi
984 2528 1288 2605 homo,quid1stuo

445 2635 571 2696 obsecro
585 2636 657 2695 est?

366 2739 434 2812 Quo
447 2741 554 2819 portos
569 2740 725 2818 puerum?

288 2846 349 2906 Do.
563 2843 664 2923 [Very
678 2845 839 2924 seriousty]
855 2842 967 2925 Mysis
982 2862 1064 2903 nunc
1079 2863 1156 2921 opus
1172 2844 1220 2904 est
1234 2850 1290 2904 tua

368 2950 450 3010 Mihi
465 2949 506 3010 ad
519 2949 600 3010 hono
614 2967 679 3008 rem
694 2954 881 3027 exprompta
894 2949 1017 3008 molitio
1031 2955 1125 3026 atque
1142 2948 1267 3008 astutia.

289 3058 351 3132 My.
367 3054 523 3127 Quidnam
538 3053 744 3132 incepturus?

189 3214 191 3218 .
288 3162 349 3221 Da.
473 3159 691 3239 [Holdiupout
705 3161 752 3219 the
767 3161 858 3240 bcby]
874 3145 1091 3237 Accipeame
1106 3159 1189 3218 hunc
1205 3159 1289 3219 ocius

251 3284 278 3325 ro
368 3265 475 3343 Atque
488 3265 562 3325 ente
576 3269 714 3325 nostram
730 3263 855 3324 ienuam
869 3282 998 3342 appone.

288 3372 352 3448 My.
1032 3355 1176 3443 Obsecro,
1248 3382 1292 3427 725
1344 3395 1360 3412 ν

369 3472 534 3535 Homine?

343 3624 350 3638 .
578 3579 629 3637 Ex
642 3597 696 3638 ara
709 3577 783 3638 hinc
798 3576 885 3638 sume
899 3579 1050 3639 uerbenos
1066 3579 1124 3638 tibi

369 3683 476 3762 Atque
490 3684 543 3744 ests
557 3683 729 3744 substerne.

289 3791 352 3866 My.
733 3789 832 3859 Quam
847 3789 886 3848 ob
901 3807 965 3847 rem
981 3788 1013 3847 id
1028 3794 1095 3847 tute
1110 3789 1172 3848 non
1187 3789 1291 3849 facis?

289 3895 350 3955 Da.
370 3893 460 3969 Quia,
474 3892 503 3955 ss
516 3893 599 3954 forte
613 3900 692 3972 opus
707 3893 758 3969 sit,
774 3894 814 3953 od
829 3912 915 3953 erum
930 3892 1128 3953 iurandumst
1142 3894 1220 3952 mihi

367 3998 441 4059 Non
455 3997 626 4077 opposisse
642 4045 648 4057 .
665 4044 672 4057 .
688 4045 694 4058 .
711 4004 747 4058 ut
761 3998 882 4076 liquido
897 3999 1022 4076 possim.

289 4106 354 4181 My.
1065 4105 1236 4180 Intelleg03

250 4227 278 4271 1⁶
374 4207 569 4290 [Ironioolly]
586 4209 680 4269 Noua
703 4207 786 4268 nunc
803 4208 913 4285 religio
931 4209 965 4268 in
985 4216 1017 4269 te
1038 4208 1135 4269 istaec
1154 4210 1289 4270 incessit.

451 4312 552 4374 Cedo!
1249 4328 1293 4373 rso

291 4420 351 4479 Da.
372 4420 466 4480 Moue
480 4418 567 4480 ocius
581 4425 622 4493 te,
637 4424 673 4479 ut
688 4419 765 4497 quid
779 4437 868 4494 agam
885 4437 977 4497 porro
996 4418 1161 4495 intellegas
1178 4418 1293 4498 [Mysis

451 4525 517 4600 loys
530 4526 578 4584 tte
591 4526 670 4584 child
682 4533 715 4583 ct
729 4524 843 4584 Simo’s
856 4526 956 4607 door}

371 4629 434 4690 Pro
449 4626 610 4707 Iuppiter!
