3050 5642
554 970 560 983 Ι

240 1155 299 1208 ιι.
313 1155 440 1224 rae-144]
689 1156 841 1209 tunm
1275 1149 1295 1211 9

168 1325 171 1330 ’
291 1328 343 1389 So.
599 1327 673 1388 Non
686 1333 722 1387 tu
736 1327 780 1387 ibi
796 1334 954 1406 gnatum«.
977 1375 984 1391 .
1006 1376 1013 1391 .
1037 1332 1054 1390 ἲ

290 1433 338 1494 St
1010 1436 1060 1495 Ne
1074 1435 1151 1497 haee
1166 1437 1293 1514 quidem

372 1539 457 1599 Satis
469 1537 640 1599 uehemens
653 1556 749 1599 eausa
761 1537 802 1599 ad
817 1538 1051 1617 obiurgandum.

290 1645 343 1705 So.
999 1644 1087 1716 Qut?
1128 1646 1294 1731 (lew

290 1749 337 1810 St
370 1751 468 1810 ‘Tute
482 1747 551 1827 ipse
564 1748 616 1809 his
631 1750 723 1810 rebus
738 1747 837 1810 finem
853 1750 1064 1828 praescripsti,
1079 1757 1178 1829 pater.

238 1872 278 1912 us
369 1854 472 1933 Prope
485 1854 584 1930 adest,
599 1873 693 1932 quom
708 1854 811 1915 alieno
825 1856 909 1914 more
926 1853 1126 1916 uiuendrimst
1140 1855 1236 1917 mihi:

371 1959 444 2020 Sine
458 1958 541 2021 nime
555 1978 625 2020 meo
638 1978 688 2019 me
701 1958 809 2019 uiuere
824 1959 946 2019 interea
959 1960 1070 2020 modo!

289 2063 343 2124 So.
369 2063 428 2135 Qui
442 2062 540 2140 igitrir
553 2063 682 2124 relictus
697 2064 745 2123 est
759 2064 945 2140 obiurgandi
959 2064 1072 2126 loeus?

290 2168 337 2229 Si.
371 2169 405 2229 Si
418 2170 546 2247 propter
559 2187 697 2229 amorem
710 2170 838 2228 uxorem
854 2169 934 2228 nolit
948 2168 1069 2244 drioere,
1250 2185 1293 2229 rto

370 2274 418 2334 Ea
431 2272 567 2352 primum
581 2273 690 2333 abillo
704 2274 844 2333 animum
859 2274 1053 2334 aduortenda
1067 2274 1222 2336 iniririast.

235 2397 276 2438 roo
369 2379 413 2438 Et
425 2376 509 2438 mine
523 2378 556 2438 id
570 2397 697 2456 operam
712 2378 761 2453 do,
776 2377 813 2437 rit
827 2397 882 2456 per
896 2379 995 2439 falsas
1009 2378 1136 2457 nriptias

370 2485 453 2544 Vera
465 2483 649 2560 obiurgandi
663 2483 758 2543 carisa
771 2484 822 2558 sit,
838 2484 865 2543 si
880 2485 1029 2560 deneget,

371 2586 471 2649 Simr'rl
486 2589 654 2650 seeleratus
669 2588 774 2648 Dauos
790 2589 896 2666 siquid
909 2588 1021 2649 consili

370 2694 485 2769 Habet,
496 2692 534 2754 rit
547 2699 709 2755 consumat
719 2691 812 2768 mino,
824 2713 917 2770 quom
931 2694 1013 2753 nihil
1025 2694 1129 2755 obsint
1143 2694 1216 2754 doli.
1250 2711 1292 2755 loo

370 2798 467 2870 Quem
482 2817 539 2875 ego
552 2798 645 2858 eredo
658 2798 802 2859 manibus
817 2798 1011 2876 pedibusque
1026 2800 1138 2859 obnixe
1153 2780 1265 2861 omnia

232 2923 275 2965 ras
369 2903 555 2978 Facturum
576 2904 676 2979 magis
690 2903 724 2962 id
738 2903 824 2978 adeo,
840 2903 918 2961 mihi
933 2910 968 2963 ut
982 2904 1191 2965 incommodet

369 3009 468 3080 Quam
481 3014 518 3069 ut
531 3008 720 3086 obsequatur
734 3009 836 3084 gnato.

289 3113 343 3174 So.
877 3114 1099 3192 Quapropter?

288 3218 337 3279 St.
1139 3223 1270 3297 Rogas?

369 3324 456 3384 Mala
479 3323 577 3399 mens,
602 3322 704 3384 malus
727 3323 860 3385 animus.
905 3324 1004 3394 Quem
1029 3325 1156 3401 quidem
1181 3346 1238 3402 ego
1263 3328 1288 3386 si

448 3429 574 3490 sensero
595 3474 602 3487 .
625 3474 632 3488 .
655 3430 663 3488 i
707 3427 842 3507 [Sitalces
855 3431 964 3506 hisfist
978 3431 1221 3512 threateninplp.]

369 3533 432 3594 Sed
444 3533 522 3612 quid
535 3539 628 3611 opust
641 3533 773 3594 uerbis?
816 3533 871 3594 Sin
886 3535 1020 3609 eueniat,
1036 3536 1119 3611 quod
1134 3537 1214 3610 uolo,
1248 3552 1289 3595 ros

368 3638 408 3698 In
422 3638 589 3716 Pamphilo
602 3643 640 3698 ut
653 3638 699 3697 nil
714 3637 757 3698 sit
771 3658 884 3714 morae,
901 3640 998 3700 restat
1013 3639 1171 3716 Chremes,

231 3764 274 3807 uo
367 3744 429 3816 Qui
442 3742 487 3803 mi
502 3743 677 3804 exorandus
692 3743 756 3820 est,
779 3750 812 3803 et
826 3763 916 3822 spero
930 3746 1064 3805 confore.

367 3849 460 3909 Nune
469 3849 589 3910 tuomst
599 3847 743 3922 officium,
754 3849 812 3910 has
827 3849 904 3908 bene
920 3856 955 3909 ut
969 3851 1139 3911 adsimules
1151 3850 1287 3929 miptias,

367 3952 611 4015 Perterrefacias
626 3954 756 4028 Dauom,
772 3955 917 4014 obseruas
932 3955 1046 4029 filiurn,

367 4058 448 4131 Quid
461 4059 544 4136 agat,
558 4058 635 4137 quid
649 4078 720 4119 cum
734 4059 790 4118 illo
803 4060 913 4119 consili
929 4061 1042 4136 eapte‘t.

287 4164 339 4227 So.
1075 4166 1131 4225 Sat
1144 4172 1208 4226 est:
1246 4181 1288 4227 170

367 4269 505 4345 Curab03
527 4288 634 4331 eamus
648 4268 795 4329 mineiam
810 4269 901 4329 intro.

284 4373 334 4441 Si
939 4375 956 4432 I
971 4376 1054 4453 prae,
1070 4395 1190 4453 sequar.

750 4476 842 4551 [Exit
855 4480 948 4540 Sosio
961 4483 1024 4539 into
1039 4482 1152 4541 Simo'e
1166 4483 1282 4564 house]
