3050 5642
940 670 943 680 Ι

720 1192 882 1243 russum
1133 1191 1198 1259 [111.
1210 1193 1234 1243 s.
1246 1192 1330 1243 26-48

404 1365 603 1443 Priusquam
613 1361 726 1424 hdrum
737 1361 857 1432 scelera
870 1369 902 1424 et
915 1361 1071 1424 iterumue
1081 1362 1233 1424 confictae
1247 1362 1329 1424 dolis

406 1467 595 1529 Reddr‘rcunt
609 1467 747 1529 animum
762 1470 923 1545 aegrotum
937 1467 978 1528 ad
992 1467 1248 1545 misericordiam,

405 1575 543 1636 onrem
557 1574 675 1634 demus
718 1572 816 1652 Spero
829 1571 1064 1649 consuetidine,
1284 1586 1331 1634 560

406 1678 557 1755 Coniugio
571 1677 693 1739 liberdli
709 1676 900 1754 deuinctum,
915 1677 1073 1754 Chremes,

288 1805 314 1845 so
407 1784 490 1845 Dein
503 1783 597 1844 fdcile
611 1800 650 1843 ex
664 1782 730 1844 illis
744 1783 813 1844 sese
826 1781 1018 1844 emersurum
1033 1782 1134 1844 medis

329 1890 383 1952 Oh.
406 1889 477 1949 Tibi
493 1890 538 1948 ita
552 1889 610 1948 hoc
623 1887 767 1964 uidetur;
789 1888 823 1948 dt
836 1906 893 1965 ego
906 1907 970 1948 nou
984 1906 1075 1967 posse
1089 1888 1233 1965 drbitror‘,

406 1996 519 2071 Neque
532 1993 623 2053 illum
638 1993 719 2053 hunc
733 1998 885 2073 perpetuo
898 1992 1013 2054 hebdre
1024 2010 1126 2072 neque
1137 2012 1187 2055 me
1197 1994 1330 2073 perpeti.

328 2101 374 2162 Si.
408 2099 469 2170 Qui
484 2098 544 2159 scis
559 2116 632 2175 ergo
647 2097 737 2174 istuc,
752 2097 815 2158 nisi
829 2097 981 2177 periclum
995 2097 1135 2160 feceris?
1287 2113 1333 2159 cm

331 2206 383 2266 012.
407 2205 451 2263 At
464 2202 546 2263 istuic
560 2202 712 2280 periclum
727 2202 761 2262 in
775 2201 848 2263 filia
861 2201 931 2263 fieri
944 2209 1078 2281 grauest.

290 2329 316 2369 eu
328 2310 375 2370 Si.
408 2311 531 2385 Nempe
545 2307 784 2369 incommoditas
798 2307 934 2385 denique
947 2306 1009 2368 huc
1023 2309 1125 2370 omnis
1139 2309 1230 2386 redit,

409 2414 443 2474 si
457 2412 593 2488 eueniat,
607 2413 692 2490 quod
705 2413 738 2472 di
753 2412 949 2491 prohibeant,
964 2413 1123 2475 discessio.

408 2520 454 2578 At
468 2517 496 2578 si
509 2517 683 2594 corrigitur,
698 2519 777 2596 quot
790 2517 1027 2580 commoditates
1042 2518 1132 2581 uidei

408 2622 569 2701 Principio
584 2622 684 2683 amico
698 2621 804 2682 filium
819 2622 1004 2699 restitueris,
1288 2638 1334 2687 mo

409 2728 480 2789 Tibi
496 2729 643 2804 generum
658 2726 784 2787 firmum
798 2733 830 2788 et
843 2726 933 2788 filiae
948 2727 1090 2790 inuenies
1104 2729 1217 2791 uirum.

291 2854 317 2893 eo
332 2835 384 2897 Oh.
412 2832 574 2913 [Yieldinp
594 2834 784 2915 reluctantly]
800 2832 883 2904 Quid
902 2831 1002 2894 istic?
1043 2833 1078 2894 si
1099 2833 1146 2896 ita
1166 2834 1249 2898 istuc
1269 2836 1333 2897 dni·

480 2958 566 2998 mum
580 2937 706 2998 induxti
721 2955 790 2998 esse
804 2935 892 3013 dtile,

410 3043 493 3103 Nolo
507 3043 566 3103 tibi
580 3041 681 3102 ullum
695 3041 891 3103 commodum
905 3042 940 3102 in
953 3061 1002 3103 me
1017 3041 1165 3104 claridier.

331 3151 377 3209 Si.
412 3148 528 3207 Merito
542 3154 574 3207 te
588 3165 712 3226 semper
725 3147 864 3208 mdxumi
878 3146 950 3224 feci,
964 3148 1106 3211 Chreme.

335 3255 386 3315 Oh.
412 3253 473 3313 Sed
487 3251 565 3330 quid
577 3252 652 3313 ais?

332 3359 378 3420 Si..
461 3356 571 3429 Quid?

335 3462 388 3524 012.
611 3460 672 3532 Qui
686 3459 747 3521 sois
761 3479 814 3522 eos
828 3478 912 3522 nunc
926 3461 1104 3524 discordare
1117 3462 1202 3525 inter
1215 3467 1276 3527 se?
1291 3478 1336 3526 mc

333 3568 379 3629 Si.
414 3564 507 3644 Ipsus
515 3564 594 3625 mihi
605 3566 721 3639 Dauos,
730 3565 785 3644 qui
796 3565 1066 3628 intumusteom'rm
1074 3568 1226 3645 consiliis,
1236 3568 1335 3645 dixit3

294 3692 322 3732 es
413 3672 456 3732 Et
473 3670 500 3732 is
516 3670 595 3730 mihi
611 3669 724 3731 suadet
738 3669 867 3748 miptias
881 3670 1034 3748 quantum
1047 3691 1161 3752 queem
1181 3679 1219 3735 ut
1237 3675 1338 3737 matri·

494 3794 570 3836 rem.

413 3883 500 3944 Num
521 3881 630 3943 censes
651 3880 779 3956 faceret,
800 3879 906 3941 fssium
926 3882 989 3944 nisi
1011 3881 1105 3944 sciret
1127 3884 1237 3946 eadem
1259 3883 1338 3947 haec

493 3986 604 4048 uelle?

415 4093 497 4152 Tute
517 4092 596 4153 rideo
616 4090 680 4151 iam
699 4090 767 4153 eius
786 4091 883 4152 uerba
900 4089 1016 4155 audies.
1060 4092 1199 4174 [Gallico
1212 4097 1339 4175 throuqt

496 4198 544 4256 the
557 4198 741 4272 decrestis
754 4198 861 4279 house]
877 4196 977 4273 Heus,
989 4199 1116 4260 duocete
1130 4198 1192 4261 huc
1205 4200 1336 4263 Dduom

417 4302 524 4379 Atque
539 4300 644 4361 docum
658 4300 751 4361 uideo
766 4300 870 4380 ipsium
884 4302 970 4362 foras
984 4302 1078 4364 exire.
