3050 5642
232 1204 407 1272 wne-ss]
681 1204 834 1257 sunum
1241 1193 1285 1257 45

282 1376 342 1437 Du.
362 1374 556 1458 [Irenieully]
572 1375 650 1453 Age,
665 1376 692 1437 si
709 1375 760 1436 hie
778 1395 841 1437 non
857 1375 976 1438 insanit
994 1376 1073 1437 setis
1091 1395 1148 1437 sus
1164 1378 1283 1456 sponte,

443 1479 569 1556 instiga.

283 1586 347 1662 My.
617 1583 681 1664 [To
695 1586 891 1667 Pamphilus]
909 1586 1013 1663 Atque
1028 1585 1138 1664 edepol

246 1708 272 1750 1⁰
363 1689 412 1751 Ee
425 1690 475 1751 res
488 1696 546 1767 est,
561 1691 787 1769 propteredque
800 1709 884 1751 nune
899 1690 1013 1751 misera
1026 1690 1059 1750 in
1075 1700 1250 1752 maerorest.

283 1797 342 1856 Pu
817 1796 915 1877 [Wulu
928 1799 1002 1872 deep
1015 1796 1157 1877 emotiou]
1174 1796 1285 1877 Mysis,

365 1900 426 1960 Per
439 1899 541 1962 tunnis
555 1898 615 1961 tibi
629 1899 739 1960 udiurd
753 1899 838 1975 deos,
853 1919 1023 1979 numquam
1040 1901 1109 1961 edm
1123 1919 1173 1960 me
1187 1902 1287 1962 deser-

444 2004 560 2079 turum,

364 2110 447 2186 Non,
469 2108 498 2171 si
517 2109 689 2190 capiundos
709 2108 790 2169 mihi
812 2110 908 2171 sciam
929 2128 997 2171 esse
1018 2110 1161 2172 inimicos
1186 2112 1286 2171 omnis

445 2216 595 2277 hemines.
1243 2230 1288 2274 695

366 2319 459 2381 Hane
486 2321 529 2380 mi
557 2320 714 2399 expetiui3
749 2320 891 2395 centigit.
948 2320 1148 2382 conueniunt
1175 2340 1285 2381 mores.

445 2425 582 2486 leeant

365 2529 426 2601 Qui
443 2530 526 2590 inter
542 2548 599 2592 nos
618 2528 785 2592 discidium
801 2530 919 2591 uolunt.
964 2529 1056 2591 Hane
1070 2530 1132 2592 nisi
1147 2551 1229 2592 mors
1244 2532 1288 2591 mi

446 2635 564 2695 adimet
577 2636 677 2695 nemo.

248 2756 274 2797 is
288 2738 341 2801 cu.
366 2738 538 2818 Resipiseo.
768 2745 771 2750 ’

285 2845 343 2904 Pu
584 2844 658 2905 Non
679 2843 839 2922 Apellinis
860 2851 960 2921 magis
981 2846 1090 2905 uerum
1111 2851 1205 2924 atque
1230 2847 1288 2906 hoe

665 2951 890 3028 respdnsumst.

367 3054 401 3115 Si
414 3055 532 3134 peterit
545 3053 623 3129 fieri,
638 3054 727 3115 utne
742 3061 830 3132 pater
844 3074 900 3133 per
915 3056 964 3115 me
979 3055 1104 3117 stetisse
1118 3056 1234 3132 eredat,

366 3159 434 3232 Quo
447 3159 551 3221 minus
565 3160 642 3220 haee
656 3158 768 3220 fierent
781 3158 920 3239 nuptiae,
934 3160 1015 3220 uold.
1059 3161 1120 3221 Sed
1135 3161 1162 3221 si
1175 3163 1210 3221 id
1227 3182 1289 3222 non

446 3264 572 3343 petent,
1246 3281 1290 3326 τοο

364 3369 404 3429 Id
424 3369 549 3444 ficiam,
566 3369 600 3429 in
621 3367 754 3447 procliui
775 3369 859 3447 quod
880 3376 937 3444 est,
959 3388 1015 3448 per
1036 3370 1085 3429 me
1105 3371 1231 3433 stetisse
1254 3380 1290 3432 ut

446 3473 561 3534 eredat.

365 3578 442 3650 Quis
455 3578 591 3639 uideor?

543 3683 651 3759 Miser,
667 3702 765 3761 aeque
779 3684 874 3762 sitque
889 3702 954 3761 ego.

881 3788 1054 3850 Consssium
1069 3808 1193 3868 quaero.

289 3891 341 3955 Oh.
1168 3895 1287 3956 Fdrtis!

247 4016 273 4056 su
285 3999 342 4058 Pu
367 3997 563 4081 [Irouieully]
582 3998 662 4074 Seio,
677 3997 754 4078 quid
769 4017 886 4059 sonere.

286 4104 347 4163 Du.
605 4105 675 4164 Hos
690 4105 746 4182 ego
761 4104 820 4164 tibi
835 4105 976 4182 profesto
990 4104 1136 4166 effectum
1150 4106 1286 4168 reddam.

287 4210 344 4269 Pu.
367 4209 436 4271 Iam
449 4211 509 4271 hoe
523 4210 601 4289 epus
616 4216 675 4271 est.

287 4315 346 4375 Da.
509 4315 591 4387 Quin
606 4316 668 4376 iam
683 4315 791 4375 habed.

289 4419 342 4481 Ch.
704 4419 787 4492 Quid
802 4422 876 4481 est?

286 4525 346 4585 Du
757 4525 853 4600 Huic,
868 4527 931 4585 n6n
945 4525 1004 4586 tibi
1017 4525 1126 4604 habeo,
1141 4545 1181 4589 ne
1195 4528 1286 4590 erres.

289 4627 342 4692 uu
367 4629 424 4693 Sat
437 4630 546 4693 hibeo.
